@article{Karloff.2010,
	title={A Model of Computation for MapReduce},
	author={Karloff, Howard and Suri, Siddharth and Vassilvitskii, Sergei},
	journal={SODA '10 Proceedings of the twenty-first annual ACM-SIAM symposium on Discrete Algorithms},
	year={2010},
	pages={938 - 948},
	isbn={9780898716986}
}

@book{Lakhe.2014,
	title={Practical Hadoop Security},
	author={Lakhe, Bhushan},
	isbn={9781430265450},
	series={Expert's voice in security},
	year={2014},
	publisher={Apress}
}

@Online{Beal.2015,
	title={Commodity Hardware},
	author={Beal, Vangie},
	year={2015},
	url={http://www.webopedia.com/TERM/C/commodity_hardware.html},
	urldate={2015-06-30}
}

@Online{Collins.2014,
	title={Collins English Dictionary â€“ Complete and Unabridged, 12th Edition},
	author={Harper Collins},
	year={2014},
	url={https://www.thefreedictionary.com/debugging},
	urldate={2019-08-20}
}

@Online{RFC5424.2009,
	title={RFC 5424, The Syslog Protocol},
	author={{Gerhards, R. Adiscon GmbH}},
	year={2009},
	url={https://tools.ietf.org/html/rfc5424},
	urldate={2015-07-07},
	keywords={Standard}
}